
@misc{HORIZONS,
       author = {{Giorgini}, JD and {JPL Solar System Dynamics Group}},
         year = {2001},
        title = "{On-Line Ephemeris System}",
 howpublished = {\url{http://ssd.jpl.nasa.gov/?horizons}},
         note = {Accessed: 2020-04-05}
}
